@book{IEEE-1363,
  author =       {{IEEE Std 1363-2000}},
  title =        {{IEEE} Standard Specifications for Public-Key Cryptography},
  address =      {New York},
  publisher =    {IEEE},
  year =         2000
}

@inproceedings{kocher99,
  author =       {C. Kocher and J. Jaffe and B. Jun},
  title =        {Differential Power Analysis},
  editor =       {M. Wiener},
  booktitle =    {Advances in Cryptology ({CRYPTO}~'99)},
  series =       {Lecture Notes in Computer Science},
  volume =       1666,
  pages =        {388-397},
  publisher =    {Springer-Verlag},
  address   =    {Germany},
  month =        {August},
  year =         1999
}

@incollection{Krasnogor2004e,
  author =       {N. Krasnogor},
  title =        {Towards robust memetic algorithms},
  booktitle =    {Recent Advances in Memetic Algorithms},
  publisher =    {Springer Berlin Heidelberg},
  year =         2004,
  pages =        {185-207},
  editor =       {W.E. Hart and N. Krasnogor and J.E. Smith},
  volume =       166,
  series =       {Studies in Fuzziness and Soft Computing},
  address =      {New York},
}

@incollection{zjsw,
  author =       {班固},
  title =        {苏武传},
  booktitle =    {传记散文英华},
  publisher =    {湖北人民出版社},
  year =         1998,
  pages =        {65-69},
  editor =       {郑在瀛 and 汪超宏 and 周文复},
  volume =       2,
  series =       {新古文观止丛书},
  address =      {武汉},
}

@inbook{clzs,
  author =       {阎真},
  title =        {沧浪之水},
  chapter =      {大人物还是讲人情的},
  pages =        {185-207},
  publisher =    {人民文学出版社},
  address =      {北京},
  year =         2001,
}

@book{tex,
  author =       "Donald E. Knuth",
  title =        "The {\TeX} Book",
  publisher =    "Addison-Wesley Publishing Company",
  address =      "Reading, MA",
  year =         1989,
  edition =      "15th",
}

@book{companion,
  author =       "Michel Goosens and Frank Mittelbach and Alexander Samarin",
  title =        "The {\LaTeX} Companion",
  publisher =    "Addison-Wesley Publishing Company",
  address =      "Reading, MA",
  PAGES =        "112--125",
  year =         1994,
}

@article{ELIDRISSI94,
  author =       "{Chafik El Idrissi}, M. and {Roney}, A. and {Frigon}, C. and
                  {Larzilli{\`e}re}, M.",
  title =        "Measurements of total kinetic-energy released to the {$N=2$}
                  dissociation limit of {H}$_2$ --- evidence of the dissociation
                  of very high vibrational {R}ydberg states of {H}$_2$ by
                  doubly-excited states",
  journal =      "Chemical Physics Letters",
  pages =        "260-266",
  volume =       224,
  number =       10,
  year =         1994,
}

@article{MELLINGER96,
  author =       "Mellinger, A. and Vidal, C. R. and Jungen, Ch.",
  title =        "Laser reduced fluorescence study of the carbon-monoxide nd
                  triplet {R}ydberg series-experimental results and multichannel
                  quantum-defect analysis",
  journal =      "J. Chem. Phys.",
  pages =        "8913-8921",
  volume =       104,
  number =       5,
  year =         1996,
}

@article{SHELL02,
  author =       "Michael Shell",
  title =        "How to Use the {IEEEtran \LaTeX} Class",
  journal =      "Journal of {\LaTeX} Class Files",
  year =         2002,
  volume =       12,
  number =       4,
  pages =        "100--120"
}

@TechReport{NPB2,
  title =        {The {NAS} Parallel Benchmarks 2.0},
  author =       {Alex Woo and David Bailey and Maurice Yarrow and Wijngaart
                  Wijngaart and Tim Harris and William Saphir},
  year =         1995,
  month =        dec # "~05",
  institution =  "The Pennsylvania State University CiteSeer Archives",
  url =          "http://www.nasa.org/"
}

@inproceedings{DPMG,
  author =       {Kim, Sangbum and Woo, Namyoon and Yeom, Heon Y. and Park,
                  Taesoon and Park, Hyoungwoo},
  title =        {Design and {I}mplementation of {D}ynamic {P}rocess
                  {M}anagement for {G}rid-enabled {MPICH}},
  booktitle =    {the 10th European PVM/MPI Users' Group Conference},
  editor =       {Jack Dongarra and Domenico Laforenza and Salvatore Orlando},
  publisher =    {Springer-Verlag},
  year =         2003,
  address =      {Venice, Italy},
  month =        sep,
}

@inproceedings{cnproceed,
  author =       {王重阳 and 黄药师 and 欧阳峰 and 洪七公 and 段皇帝},
  publisher =    {金大庸},
  title =        {武林高手从入门到精通},
  booktitle =    {第~$N$~次华山论剑},
  year =         2006,
  address =      {西安, 中国},
  month =        sep,
}

@article{cnarticle,
  author =       "贾宝玉 and 林黛玉 and 薛宝钗 and 贾探春",
  title =        "论刘姥姥食量大如牛之现实意义",
  journal =      "红楼梦杂谈",
  pages =        "260--266",
  volume =       224,
  year =         1800,
}

@mastersthesis{zhubajie,
  author =       {猪八戒},
  title =        {论流体食物的持久保存},
  school =       {广寒宫大学},
  year =         2005,
  address =      {北京},
}

@phdthesis{shaheshang,
  author =       {沙和尚},
  title =        {论流沙河的综合治理},
  school =       {清华大学},
  year =         2005,
  address =      {北京},
}

@mastersthesis{metamori2004,
  author =       {Ashwin Raju Jeyakumar},
  title =        {Metamori: A library for Incremental File Checkpointing},
  school =       {Virgina Tech},
  year =         2004,
  month =        jun # "~21",
  address =      {Blacksburg},
}

@phdthesis{FistSystem01,
  author =       "Erez Zadok",
  title =        "{FiST: A System for Stackable File System Code Generation}",
  year =         2001,
  month =        "May",
  school =       "Computer Science Department, Columbia University",
  address =      "USA"
}

@inbook{ColdSources,
  author =       {P. Gr{\"o}ning and L. Nilsson and P. Ruffieux and R.
                  Clergereaux and O. Gr{\"o}ning},
  title =        {Encyclopedia of Nanoscience and Nanotechnology},
  pages =        {547--579},
  publisher =    {American Scientific Publishers},
  year =         2004,
  volume =       1,
  address =      {USA},
}

@online{chuban2001,
  author =      {萧钰},
  title =       {出版业信息化迈入快车道},
  date  =       {2001-12-19},
  urldate =     {2002-04-15},
  url =         {http://www.creader.com/news/200112190019.htm},
}

@online{oclc2000,
  author =      {{Online Computer Library Center, Inc.}},
  title =       {History of {OCLC}},
  year =        2000,
  urldate =     {2000-01-08},
  url =         {http://www.oclc.org/about/history/default.htm},
}


@online{thuthesis,
  author =      {薛瑞尼},
  title =       {ThuThesis: 清华大学学位论文模板},
  urldate =     {2019-04-27},
  url =         {https://github.com/xueruini/thuthesis},
  year =        2017,
}

%sth add from here

@book{IntroToAlgo,
  author =       "Thomas H. Cormen, Charles E. Leiserson and Ronald L. Rivest",
  title =        "Introduction to Algorithms",
  publisher =    "The MIT Press",
  address =      "Cambridge, MA",
  year =         2009,
  edition =      "3rd",
}

@techreport{krizhevsky2009learning,
  title={Learning multiple layers of features from tiny images},
  author={Krizhevsky, Alex and Hinton, Geoffrey},
  year={2009},
  institution={Citeseer}
}

@inproceedings{he2016deep,
  title={Deep residual learning for image recognition},
  author={He, Kaiming and Zhang, Xiangyu and Ren, Shaoqing and Sun, Jian},
  publisher = "IEEE",
  address = "Piscataway, NJ",
  booktitle={Proceedings of the IEEE conference on computer vision and pattern recognition},
  pages={770--778},
  year={2016}
}

@inproceedings{rabenseifner2004optimization,
  title={Optimization of collective reduction operations},
  author={Rabenseifner, Rolf},
  booktitle={International Conference on Computational Science},
  pages={1--9},
  year={2004},
  organization={Springer},
  address="Berlin, German"
}

@article{bruck1997efficient,
  title={Efficient algorithms for all-to-all communications in multiport message-passing systems},
  author={Bruck, Jehoshua and Ho, Ching-Tien and Kipnis, Shlomo and Upfal, Eli and Weathersby, Derrick},
  journal={IEEE Transactions on parallel and distributed systems},
  volume={8},
  number={11},
  pages={1143--1156},
  year={1997},
  publisher={IEEE}
}

@online{federatedLearning,
  author =      {Brendan McMahan and Daniel Ramage},
  title =       {Federated Learning: Collaborative Machine Learning without Centralized Training Data},
  date = {2017-04-06},
  url =         {https://ai.googleblog.com/2017/04/federated-learning-collaborative.html},
  year =        2017,
}

@inproceedings{strom2015scalable,
  title={Scalable distributed DNN training using commodity GPU cloud computing},
  author={Strom, Nikko},
  booktitle={Sixteenth Annual Conference of the International Speech Communication Association},
  year={2015},
  publisher = "ISCA",
  address = "Dresden"
}

@article{han2015deep,
  title={Deep compression: Compressing deep neural networks with pruning, trained quantization and huffman coding},
  author={Han, Song and Mao, Huizi and Dally, William J},
  journal={arXiv preprint arXiv:1510.00149},
  year={2015}
}

@article{lin2017deep,
  title={Deep gradient compression: Reducing the communication bandwidth for distributed training},
  author={Lin, Yujun and Han, Song and Mao, Huizi and Wang, Yu and Dally, William J},
  journal={arXiv preprint arXiv:1712.01887},
  year={2017}
}

@article{devlin2018bert,
  title={Bert: Pre-training of deep bidirectional transformers for language understanding},
  author={Devlin, Jacob and Chang, Ming-Wei and Lee, Kenton and Toutanova, Kristina},
  journal={arXiv preprint arXiv:1810.04805},
  year={2018}
}

@article{bengio1994learning,
  title={Learning long-term dependencies with gradient descent is difficult},
  author={Bengio, Yoshua and Simard, Patrice and Frasconi, Paolo and others},
  journal={IEEE transactions on neural networks},
  volume={5},
  number={2},
  pages={157--166},
  year={1994}
}

@inproceedings{glorot2010understanding,
  title={Understanding the difficulty of training deep feedforward neural networks},
  author={Glorot, Xavier and Bengio, Yoshua},
  booktitle={Proceedings of the thirteenth international conference on artificial intelligence and statistics},
  pages={249--256},
  year={2010}
}

@inproceedings{li2014communication,
  title={Communication efficient distributed machine learning with the parameter server},
  author={Li, Mu and Andersen, David G and Smola, Alexander J and Yu, Kai},
  booktitle={Advances in Neural Information Processing Systems},
  pages={19--27},
  year={2014},
  publisher="The MIT Press",
  address="Cambridge, MA"
}

@inproceedings{wen2017terngrad,
  title={Terngrad: Ternary gradients to reduce communication in distributed deep learning},
  author={Wen, Wei and Xu, Cong and Yan, Feng and Wu, Chunpeng and Wang, Yandan and Chen, Yiran and Li, Hai},
  booktitle={Advances in neural information processing systems},
  pages={1509--1519},
  year={2017},
  publisher="The MIT Press",
  address="Cambridge, MA"
}

@inproceedings{lecun1990optimal,
  title={Optimal brain damage},
  author={LeCun, Yann and Denker, John S and Solla, Sara A},
  booktitle={Advances in neural information processing systems},
  pages={598--605},
  year={1990},
  publisher="The MIT Press",
  address="Cambridge, MA"
}

@inproceedings{hanson1989comparing,
  title={Comparing biases for minimal network construction with back-propagation},
  author={Hanson, Stephen Jos{\'e} and Pratt, Lorien Y},
  booktitle={Advances in neural information processing systems},
  pages={177--185},
  year={1989},
  publisher="The MIT Press",
  address="Cambridge, MA"
}

@inproceedings{hassibi1993second,
  title={Second order derivatives for network pruning: Optimal brain surgeon},
  author={Hassibi, Babak and Stork, David G},
  booktitle={Advances in neural information processing systems},
  pages={164--171},
  year={1993},
  publisher="The MIT Press",
  address="Cambridge, MA"
}

@inproceedings{seide20141,
  title={1-bit stochastic gradient descent and its application to data-parallel distributed training of speech dnns},
  author={Seide, Frank and Fu, Hao and Droppo, Jasha and Li, Gang and Yu, Dong},
  booktitle={Fifteenth Annual Conference of the International Speech Communication Association},
  year={2014}
}

@article{krizhevsky2014one,
  title={One weird trick for parallelizing convolutional neural networks},
  author={Krizhevsky, Alex},
  journal={arXiv preprint arXiv:1404.5997},
  year={2014}
}

@inproceedings{xie2017aggregated,
  title={Aggregated residual transformations for deep neural networks},
  author={Xie, Saining and Girshick, Ross and Doll{\'a}r, Piotr and Tu, Zhuowen and He, Kaiming},
  booktitle={Proceedings of the IEEE conference on computer vision and pattern recognition},
  pages={1492--1500},
  year={2017}
}

@article{simonyan2014very,
  title={Very deep convolutional networks for large-scale image recognition},
  author={Simonyan, Karen and Zisserman, Andrew},
  journal={arXiv preprint arXiv:1409.1556},
  year={2014}
}

@article{konevcny2016federated,
  title={Federated learning: Strategies for improving communication efficiency},
  author={Kone{\v{c}}n{\`y}, Jakub and McMahan, H Brendan and Yu, Felix X and Richt{\'a}rik, Peter and Suresh, Ananda Theertha and Bacon, Dave},
  journal={arXiv preprint arXiv:1610.05492},
  year={2016}
}

@article{mcmahan2016communication,
  title={Communication-efficient learning of deep networks from decentralized data},
  author={McMahan, H Brendan and Moore, Eider and Ramage, Daniel and Hampson, Seth and others},
  journal={arXiv preprint arXiv:1602.05629},
  year={2016}
}